@misc{attlassian2023,
  title = {{{DH Board}} - {{Agile}} Board - {{Jira}}},
  author = {Attlassian},
  year = {2023},
  month = jan,
  url = {https://digitaldahoam.atlassian.net/jira/software/projects/DH/boards/1},
  urldate = {2023-01-19}
}

@misc{authentication2022,
  title = {{Firebase Authentication}},
  author = {Authentication, Google},
  year = {2022},
  journal = {Firebase},
  url = {https://firebase.google.com/docs/auth?hl=de},
  urldate = {2022-12-17},
  abstract = {Firebase Authentication lets you add an end-to-end identity solution to your app for easy user authentication, sign-in, and onboarding in just a few lines of code.},
  langid = {de-x-mtfrom-en}
}

@misc{cloudfunctions2022,
  title = {{Cloud-Funktionen f\"ur Firebase | Cloud Functions for Firebase}},
  author = {Cloud Functions, Firebase},
  year = {2022},
  journal = {Firebase},
  url = {https://firebase.google.com/docs/functions?hl=de},
  urldate = {2022-12-17},
  abstract = {Cloud Functions for Firebase is a serverless framework that lets you automatically run backend code in response to events triggered by Firebase features and HTTPS requests.},
  langid = {de-x-mtfrom-en}
}

@misc{cloudstorage2022,
  title = {{Cloud-Speicher f\"ur Firebase | Cloud Storage for Firebase}},
  author = {CloudStorage, Google},
  year = {2022},
  journal = {Firebase},
  url = {https://firebase.google.com/docs/storage?hl=de},
  urldate = {2022-12-17},
  abstract = {Cloud Storage for Firebase wurde f\"ur App-Entwickler entwickelt, die benutzergenerierte Inhalte wie Fotos oder Videos speichern und bereitstellen m\"ussen.},
  langid = {de-x-mtfrom-en}
}

@misc{firebase2022,
  title = {Firebase},
  author = {Firebase, Google},
  year = {2022},
  url = {https://firebase.google.com/},
  urldate = {2022-12-17}
}

@misc{firestore2022,
  title = {{Firestore}},
  author = {Firestore, Google},
  year = {2022},
  journal = {Firebase},
  url = {https://firebase.google.com/docs/firestore?hl=de},
  urldate = {2022-12-17},
  abstract = {Verwenden Sie unsere flexible, skalierbare NoSQL-Cloud-Datenbank, um Daten f\"ur die client- und serverseitige Entwicklung zu speichern und zu synchronisieren.},
  langid = {de-x-mtfrom-en}
}

@misc{github2022,
  title = {Build Software Better, Together},
  author = {Github},
  year = {2022},
  journal = {GitHub},
  url = {https://github.com},
  urldate = {2022-12-17},
  abstract = {GitHub is where people build software. More than 94 million people use GitHub to discover, fork, and contribute to over 330 million projects.},
  langid = {english}
}

@misc{google2021,
  title = {Design - {{Material Design}}},
  author = {Google},
  year = {2021},
  month = may,
  url = {https://m2.material.io/design},
  urldate = {2023-01-14}
}

@article{jacobson2016,
  title = {Use-{{Case}} 2.0: {{The Hub}} of {{Software Development}}},
  shorttitle = {Use-{{Case}} 2.0},
  author = {Jacobson, Ivar and Spence, Ian and Kerr, Brian},
  year = {2016},
  month = jan,
  journal = {Queue},
  volume = {14},
  number = {1},
  pages = {94--123},
  issn = {1542-7730, 1542-7749},
  doi = {10.1145/2898442.2912151},
  url = {https://dl.acm.org/doi/10.1145/2898442.2912151},
  urldate = {2022-09-18},
  abstract = {Use cases have been around for almost 30 years as a requirements approach and have been part of the inspiration for more-recent techniques such as user stories. Now the inspiration has flown in the other direction. Use-Case 2.0 is the new generation of use-case-driven development-light, agile, and lean-inspired by user stories and the agile methodologies Scrum and Kanban.},
  langid = {english}
}

@misc{jeffries2022,
  type = {Blog},
  title = {Essential {{XP}}: {{Card}}, {{Conversation}}, {{Confirmation}}},
  author = {Jeffries, Ron},
  year = {2022},
  journal = {Ron Jeffries},
  url = {https://ronjeffries.com/xprog/articles/expcardconversationconfirmation/},
  urldate = {2022-09-18},
  abstract = {The XP Circle of Life helps keep projects alive. A key aspect of this cycle is the Acceptance Test. Acceptance Tests are critical to communication among team members, especially between customer and programmer.}
}

@misc{mui2022,
  title = {{{MUI}}: {{The React}} Component Library You Always Wanted},
  shorttitle = {{{MUI}}},
  author = {MUI},
  year = {2022},
  url = {https://mui.com/},
  urldate = {2022-12-17},
  abstract = {MUI provides a simple, customizable, and accessible library of React components. Follow your own design system, or start with Material Design.},
  langid = {english}
}

@misc{npm2023,
  title = {@angular/Core vs React vs Vue | Npm Trends},
  author = {NPM},
  year = {2023},
  month = jan,
  url = {https://npmtrends.com/@angular/core-vs-react-vs-vue},
  urldate = {2023-01-19},
  abstract = {Comparing trends for @angular/core 15.1.1 which has 3,165,626 weekly downloads and 85,928 GitHub stars vs. react 18.2.0 which has 17,709,199 weekly downloads and 200,729 GitHub stars vs. vue 3.2.45 which has 3,696,933 weekly downloads and 34,788 GitHub stars.},
  langid = {english}
}

@misc{react2022,
  title = {React \textendash{} {{A JavaScript}} Library for Building User Interfaces},
  author = {React},
  year = {2022},
  url = {https://reactjs.org/},
  urldate = {2022-12-17},
  abstract = {A JavaScript library for building user interfaces},
  langid = {english}
}

@misc{realtimedatabase2022,
  title = {{Firebase Realtime Database}},
  author = {Realtime Database, Firebase},
  year = {2022},
  url = {https://firebase.google.com/docs/database?hl=de},
  urldate = {2022-12-17},
  abstract = {Speichern und synchronisieren Sie Daten mit unserer NoSQL-Cloud-Datenbank. Die Daten werden in Echtzeit \"uber alle Clients hinweg synchronisiert und bleiben verf\"ugbar, wenn Ihre App offline geht.},
  langid = {de-x-mtfrom-en}
}

@misc{typescript2022,
  title = {{{JavaScript With Syntax For Types}}.},
  author = {Typescript},
  year = {2022},
  url = {https://www.typescriptlang.org/},
  urldate = {2022-12-17},
  abstract = {TypeScript extends JavaScript by adding types to the language. TypeScript speeds up your development experience by catching errors and providing fixes before you even run your code.},
  langid = {english}
}

@misc{typescript2023,
  title = {Documentation - {{React}}},
  author = {Typescript},
  year = {2023},
  month = jan,
  url = {https://www.typescriptlang.org/docs/handbook/react.html},
  urldate = {2023-01-14},
  abstract = {Links to learn about TypeScript and React},
  langid = {english}
}

@misc{vercel2022,
  title = {Develop. {{Preview}}. {{Ship}}. {{For}} the Best Frontend Teams \textendash{} {{Vercel}}},
  author = {Vercel},
  year = {2022},
  url = {https://vercel.com/},
  urldate = {2022-12-17},
  abstract = {Deploy web projects with the best frontend developer experience and highest end-user performance.},
  langid = {english}
}

@book{witte2016,
  title = {{Testmanagement und Softwaretest}},
  author = {Witte, Frank},
  year = {2016},
  publisher = {{Springer Fachmedien}},
  address = {{Wiesbaden}},
  doi = {10.1007/978-3-658-09964-0},
  url = {http://link.springer.com/10.1007/978-3-658-09964-0},
  urldate = {2022-09-18},
  abstract = {Um eine Struktur in die gesammelten Anforderungen hineinzubringen, werden diese in funktionale und nicht funktionale User Stories beziehungsweise Anforderungen unterteilt. User Stories sind dabei auch Anforderungen nach dem SMART Prinzip,  da diese nur einen kleinen abgesteckten Teilbereich einer Funktionalit\"at oder \"ahnlichem enthalten. Dadurch k\"onnen sie einfacher gesch\"atzt werden und sind sehr spezifisch f\"ur ihren Fall konfiguriert},
  isbn = {978-3-658-09963-3 978-3-658-09964-0},
  langid = {ngerman},
  keywords = {Agile Testing,Fehlermanagement,Mobile Testing,Modultest,Multivariate Testing,Softwaretest,Systemtest,Testautomatisierung,Testen in der Cloud,Testkonzept,Testmanagement,Testnorm,Testprozesse,V-Modell}
}

@misc{zotero-193,
  title = {Ecosia - the Search Engine That Plants Trees},
  url = {https://www.ecosia.org/},
  urldate = {2023-01-19},
  abstract = {Ecosia uses the ad revenue from your searches to plant trees where they are needed the most. By searching with Ecosia, you're not only reforesting our planet, but you're also empowering the communities around our planting projects to build a better future for themselves. Give it a try!},
  langid = {english}
}

@online{facebook,
  title        = {Facebook},
  organization = {Meta Platforms},
  url          = {https://www.facebook.com/},
  urldate      = {2023-03-12}
}

@online{nebenan,
  title        = {nebenan.de},
  organization = {Good Hood GmbH},
  url          = {https://nebenan.de/},
  urldate      = {2023-03-12}
}

@online{spontacts,
  title        = {Spontacts},
  organization = {SYNEXIT GmbH},
  url          = {https://spontacts.com/},
  urldate      = {2023-03-12}
}

@online{figma,
  title        = {Figma},
  organization = {Figma, Inc.},
  url          = {https://www.figma.com/},
  urldate      = {2023-03-12}
}

@online{LfwHfwMoc,
  title   = {A Quick Guide on Mobile App Wireframe vs Mockup vs Prototype},
  author  = {AppsChopper},
  year    = {2021},
  url     = {https://www.appschopper.com/blog/quick-guide-on-mobile-app-wireframe-vs-mockup-vs-prototype/},
  urldate = {2023-03-12}
}

@online{TypeOfWireframes,
  title   = {UX Wireframes And How They Help Us During The Design Process},
  author  = {Yana Vasileva},
  year    = {2022},
  url     = {https://www.resolutesoftware.com/news/ux-wireframes/},
  urldate = {2023-03-12}
}

@online{gridSystem,
  title   = {Grid System Guide PNGs},
  author  = {Matthias Shapiro},
  year    = {2016},
  url     = {http://matthiasshapiro.com/DisneyShorts/grid-system-guide-pngs},
  urldate = {2023-03-12}
}